@book{0736093400,
  Author = {Gordon Robertson and Graham Caldwell and Joseph Hamill and Gary Kamen and Saunders Whittlesey},
  Title = {Research Methods in Biomechanics-2nd Edition},
  Publisher = {Human Kinetics},
  Year = {2013},
  ISBN = {0736093400},
  URL = {https://www.amazon.com/Research-Methods-Biomechanics-2nd-Gordon-Robertson/dp/0736093400?SubscriptionId=0JYN1NVW651KCA56C102&tag=techkie-20&linkCode=xm2&camp=2025&creative=165953&creativeASIN=0736093400}
}

@article{ZIEGLERGRAHAM2008422,
title = "Estimating the Prevalence of Limb Loss in the United States: 2005 to 2050",
journal = "Archives of Physical Medicine and Rehabilitation",
volume = "89",
number = "3",
pages = "422 - 429",
year = "2008",
issn = "0003-9993",
doi = "https://doi.org/10.1016/j.apmr.2007.11.005",
url = "http://www.sciencedirect.com/science/article/pii/S0003999307017480",
author = "Kathryn Ziegler-Graham and Ellen J. MacKenzie and Patti L. Ephraim and Thomas G. Travison and Ron Brookmeyer",
keywords = "Amputation, Diabetes mellitus, Peripheral vascular diseases, Prevalence, Rehabilitation, Wounds and injuries"
}

@article{Zecca2002,
  doi = {10.1615/critrevbiomedeng.v30.i456.80},
  url = {https://doi.org/10.1615/critrevbiomedeng.v30.i456.80},
  year  = {2002},
  publisher = {Begell House},
  volume = {30},
  number = {4-6},
  pages = {459--485},
  author = {M. Zecca and Silvestro Micera and M. C. Carrozza and P. Dario},
  title = {Control of Multifunctional Prosthetic Hands by Processing the Electromyographic Signal},
  journal = {Critical Reviews? in Biomedical Engineering}
}

@article{Strazzulla2017,
  doi = {10.1109/tnsre.2016.2554884},
  url = {https://doi.org/10.1109/tnsre.2016.2554884},
  year  = {2017},
  month = {mar},
  publisher = {Institute of Electrical and Electronics Engineers ({IEEE})},
  volume = {25},
  number = {3},
  pages = {227--234},
  author = {Ilaria Strazzulla and Markus Nowak and Marco Controzzi and Christian Cipriani and Claudio Castellini},
  title = {Online Bimanual Manipulation Using Surface Electromyography and Incremental Learning},
  journal = {{IEEE} Transactions on Neural Systems and Rehabilitation Engineering}
}

@article{biddiss2007upper,
  title={Upper limb prosthesis use and abandonment: a survey of the last 25 years},
  author={Biddiss, Elaine A and Chau, Tom T},
  journal={Prosthetics and orthotics international},
  volume={31},
  number={3},
  pages={236--257},
  year={2007},
  publisher={SAGE Publications Sage UK: London, England}
}

@article{biddiss2007upperfact,
  title={Upper-limb prosthetics: critical factors in device abandonment},
  author={Biddiss, Elaine and Chau, Tom},
  journal={American journal of physical medicine \& rehabilitation},
  volume={86},
  number={12},
  pages={977--987},
  year={2007},
  publisher={LWW}
}

@article{hoerl1970ridge,
  title={Ridge regression: Biased estimation for nonorthogonal problems},
  author={Hoerl, Arthur E and Kennard, Robert W},
  journal={Technometrics},
  volume={12},
  number={1},
  pages={55--67},
  year={1970},
  publisher={Taylor \& Francis Group}
}

@article{Fougner2012ControlOU,
  title={Control of Upper Limb Prostheses: Terminology and Proportional Myoelectric Controlâ€”A Review},
  author={A. Fougner and O. Stavdahl and Peter J. Kyberd and Yves G. Losier and P. A. Parker},
  journal={IEEE Transactions on Neural Systems and Rehabilitation Engineering},
  year={2012},
  volume={20},
  pages={663-677}
}